@inproceedings{pennington2014glove,
  author={Jeffrey Pennington and Richard Socher and Christopher D. Manning},
  booktitle={Empirical Methods in Natural Language Processing (EMNLP)},
  title={GloVe: Global Vectors for Word Representation},
  year={2014},
  pages={1532--1543},
  url={http://www.aclweb.org/anthology/D14-1162},
}
@MISC{deeplearning4j,
  howpublished={\url{http://deeplearning4j.org}},
  author={Deeplearning4j Development Team},
  title={Deeplearning4j: Open--source distributed deep learning for the JVM},
  year={2017},
}
@MISC{mtgjson,
  howpublished={\url{http://mtgjson.com}},
  author={Sergio},
  title={MTG Json},
  year={2017},
}
@MISC{gatherer,
  howpublished = {\url{http://gatherer.wizards.com}},
  author = {Wizards of the Coast LLC},
  title = {Gatherer Database},
  year = {1995--2017},
}
@misc{chollet2015keras,
  title={Keras},
  author={Chollet, Fran\c{c}ois and others},
  year={2015},
  publisher={GitHub},
  howpublished={\url{https://github.com/fchollet/keras}},
}
@misc{goldfish,
  author={MtGGoldfish},
  year={2017},
  title={Card Price List},
  howpublished={\url{https://mtggoldfish.com/}},
}